@inproceedings{kwatra2003graphcut,
  title={Graphcut textures: image and video synthesis using graph cuts},
  author={Kwatra, Vivek and Sch{\"o}dl, Arno and Essa, Irfan and Turk, Greg and Bobick, Aaron},
  booktitle={ACM Transactions on Graphics (ToG)},
  volume={22},
  number={3},
  pages={277--286},
  year={2003},
  organization={ACM}
}

@inproceedings{perez2003poisson,
  title={Poisson image editing},
  author={P{\'e}rez, Patrick and Gangnet, Michel and Blake, Andrew},
  booktitle={ACM Transactions on Graphics (TOG)},
  volume={22},
  number={3},
  pages={313--318},
  year={2003},
  organization={ACM}
}