@inproceedings{min2010automatic,
  title={Automatic Face Replacement in Video Based on 2D Morphable Model},
  author={Min, Feng and Sang, Nong and Wang, Zhefu},
  booktitle={Pattern Recognition (ICPR), 2010 20th International Conference on},
  pages={2250--2253},
  year={2010},
  organization={IEEE}
}

@inproceedings{bitouk2008face,
  title={Face swapping: automatically replacing faces in photographs},
  author={Bitouk, Dmitri and Kumar, Neeraj and Dhillon, Samreen and Belhumeur, Peter and Nayar, Shree K},
  booktitle={ACM Transactions on Graphics (TOG)},
  volume={27},
  number={3},
  pages={39},
  year={2008},
  organization={ACM}
}

@article{dale2011video,
  title={Video face replacement},
  author={Dale, Kevin and Sunkavalli, Kalyan and Johnson, Micah K and Vlasic, Daniel and Matusik, Wojciech and Pfister, Hanspeter},
  journal={ACM Transactions on Graphics (TOG)},
  volume={30},
  number={6},
  pages={130},
  year={2011},
  publisher={ACM}
}

@inproceedings{niswar2012face,
  title={Face replacement in video from a single image},
  author={Niswar, Arthur and Ong, Ee Ping and Huang, Zhiyong},
  booktitle={SIGGRAPH Asia 2012 Posters},
  pages={12},
  year={2012},
  organization={ACM}
}

@inproceedings{zhao2011joint,
  title={Joint face alignment with a generic deformable face model},
  author={Zhao, Cong and Cham, Wai-Kuen and Wang, Xiaogang},
  booktitle={Computer Vision and Pattern Recognition (CVPR), 2011 IEEE Conference on},
  pages={561--568},
  year={2011},
  organization={IEEE}
}

@article{li2014video,
  title={Video Face Editing Using Temporal-Spatial-Smooth Warping},
  author={Li, Xiaoyan and Tao, Dacheng},
  journal={arXiv preprint arXiv:1408.2380},
  year={2014}
}

@inproceedings{lin2012face,
  title={Face swapping under large pose variations: A 3D model based approach},
  author={Lin, Yuan and Wang, Shengjin and Lin, Qian and Tang, Feng},
  booktitle={Multimedia and Expo (ICME), 2012 IEEE International Conference on},
  pages={333--338},
  year={2012},
  organization={IEEE}
}

@inproceedings{afifi2014video,
  title={Video face replacement system using a modified poisson blending technique},
  author={Afifi, Mahmoud and Hussain, Khaled F and Ibrahim, Hosny M and Omar, Nagwa M},
  booktitle={Intelligent Signal Processing and Communication Systems (ISPACS), 2014 International Symposium on},
  pages={205--210},
  year={2014},
  organization={IEEE}
}

@inproceedings{cheng20093d,
  title={3D-model-based face replacement in video},
  author={Cheng, Yi-Ting and Tzeng, Virginia and Liang, Yu and Wang, Chuan-Chang and Chen, Bing-Yu and Chuang, Yung-Yu and Ouhyoung, Ming},
  booktitle={SIGGRAPH'09: Posters},
  pages={29},
  year={2009},
  organization={ACM}
}

@article{liang2009image,
  title={Image based face replacement in video},
  author={Liang, Yu and Chen, Bing-Yu and Chuang, Yung-Yu and Ouhyoung, Ming}
}

@inproceedings{afifi2014video,
  title={Video face replacement system using a modified poisson blending technique},
  author={Afifi, Mahmoud and Hussain, Khaled F and Ibrahim, Hosny M and Omar, Nagwa M},
  booktitle={Intelligent Signal Processing and Communication Systems (ISPACS), 2014 International Symposium on},
  pages={205--210},
  year={2014},
  organization={IEEE}
}

@inproceedings{bitouk2008face,
  title={Face swapping: automatically replacing faces in photographs},
  author={Bitouk, Dmitri and Kumar, Neeraj and Dhillon, Samreen and Belhumeur, Peter and Nayar, Shree K},
  booktitle={ACM Transactions on Graphics (TOG)},
  volume={27},
  number={3},
  pages={39},
  year={2008},
  organization={ACM}
}